<record><leader>00000cas a22000007a 4500</leader><controlfield tag="001">22756222</controlfield><controlfield tag="008">901129d19551961mnudn ne      0    0eng d</controlfield><datafield ind1=" " ind2=" " tag="010"><subfield code="a">sn 90060655 </subfield></datafield><datafield ind1=" " ind2=" " tag="040"><subfield code="a">MN#</subfield><subfield code="b">eng</subfield><subfield code="c">MN#</subfield><subfield code="d">OCLCQ</subfield><subfield code="d">OCLCF</subfield><subfield code="d">OCLCO</subfield></datafield><datafield ind1=" " ind2=" " tag="042"><subfield code="a">msc</subfield></datafield><datafield ind1=" " ind2=" " tag="043"><subfield code="a">n-us-mn</subfield></datafield><datafield ind1=" " ind2=" " tag="052"><subfield code="a">4144</subfield><subfield code="b">M4</subfield></datafield><datafield ind1=" " ind2=" " tag="052"><subfield code="a">4143</subfield><subfield code="b">L9</subfield></datafield><datafield ind1="0" ind2=" " tag="130"><subfield code="a">Marshall daily messenger (Marshall, Minn. : 1955)</subfield></datafield><datafield ind1="1" ind2="4" tag="245"><subfield code="a">The Marshall daily messenger.</subfield></datafield><datafield ind1=" " ind2=" " tag="260"><subfield code="a">Marshall, Minn. :</subfield><subfield code="b">Marshall Pub. Co.,</subfield><subfield code="c">-1961.</subfield></datafield><datafield ind1=" " ind2=" " tag="300"><subfield code="a">v.</subfield></datafield><datafield ind1=" " ind2=" " tag="310"><subfield code="a">Daily (Mon.-Fri.)</subfield></datafield><datafield ind1="1" ind2=" " tag="362"><subfield code="a">Began Mar. 1, 1955.</subfield></datafield><datafield ind1="0" ind2=" " tag="362"><subfield code="a">-87th year, no. 94 (Jan. 13, 1961).</subfield></datafield><datafield ind1=" " ind2=" " tag="530"><subfield code="a">Available on microfilm from the Minnesota Historical Society.</subfield></datafield><datafield ind1=" " ind2=" " tag="588"><subfield code="a">Description based on: 81st year, no. 53 (Mar. 3, [i.e. 2], 1955).</subfield></datafield><datafield ind1=" " ind2="0" tag="651"><subfield code="a">Marshall (Minn.)</subfield><subfield code="v">Newspapers.</subfield></datafield><datafield ind1=" " ind2="7" tag="655"><subfield code="a">Newspapers.</subfield><subfield code="2">fast</subfield><subfield code="0">(OCoLC)fst01423814</subfield></datafield><datafield ind1=" " ind2="7" tag="651"><subfield code="a">Minnesota</subfield><subfield code="z">Marshall.</subfield><subfield code="2">fast</subfield><subfield code="0">(OCoLC)fst01220177</subfield></datafield><datafield ind1=" " ind2=" " tag="752"><subfield code="a">United States</subfield><subfield code="b">Minnesota</subfield><subfield code="c">Lyon</subfield><subfield code="d">Marshall.</subfield></datafield><datafield ind1="0" ind2="0" tag="780"><subfield code="t">Marshall messenger (Marshall, Minn. : 1942)</subfield><subfield code="w">(DLC)sn 90060654</subfield></datafield><datafield ind1="0" ind2="0" tag="785"><subfield code="t">Marshall messenger (Marshall, Minn. : 1961)</subfield><subfield code="w">(DLC)sn 90060656</subfield></datafield></record>